
@inproceedings{guidotti2022text,
 title = {Text Classification with Born's Rule},
 author = {Guidotti, Emanuele and Ferrara, Alfio},
 booktitle = {Advances in Neural Information Processing Systems},
 pages = {30990--31001}, 
 volume = {35},
 year = {2022}
}

@article{schouten2015survey,
  title={Survey on aspect-level sentiment analysis},
  author={Schouten, Kim and Frasincar, Flavius},
  journal={IEEE transactions on knowledge and data engineering},
  volume={28},
  number={3},
  pages={813--830},
  year={2015},
  publisher={IEEE}
}

@article{rana2016aspect,
  title={Aspect extraction in sentiment analysis: comparative analysis and survey},
  author={Rana, Toqir A and Cheah, Yu-N},
  journal={Artificial Intelligence Review},
  volume={46},
  pages={459--483},
  year={2016},
  publisher={Springer}
}

% ----------------------------------------

@article{blei2003latent,
  title={Latent dirichlet allocation},
  author={Blei, David M and Ng, Andrew Y and Jordan, Michael I},
  journal={Journal of machine Learning research},
  volume={3},
  number={Jan},
  pages={993--1022},
  year={2003}
}

@article{hofmann1999learning,
  title={Learning the similarity of documents: An information-geometric approach to document retrieval and categorization},
  author={Hofmann, Thomas},
  journal={Advances in neural information processing systems},
  volume={12},
  year={1999}
}

@inproceedings{jakob2010extracting,
  title={Extracting opinion targets in a single and cross-domain setting with conditional random fields},
  author={Jakob, Niklas and Gurevych, Iryna},
  booktitle={Proceedings of the 2010 conference on empirical methods in natural language processing},
  pages={1035--1045},
  year={2010}
}

@inproceedings{zhao2010generalizing,
  title={Generalizing syntactic structures for product attribute candidate extraction},
  author={Zhao, Yanyan and Qin, Bing and Hu, Shen and Liu, Ting},
  booktitle={Human Language Technologies: The 2010 Annual Conference of the North American Chapter of the Association for Computational Linguistics},
  pages={377--380},
  year={2010}
}

@inproceedings{qiu2009expanding,
  title={Expanding domain sentiment lexicon through double propagation},
  author={Qiu, Guang and Liu, Bing and Bu, Jiajun and Chen, Chun},
  booktitle={Twenty-first international joint conference on artificial intelligence},
  year={2009},
  organization={Citeseer}
}

@inproceedings{zhang2010extracting,
  title={Extracting and ranking product features in opinion documents},
  author={Zhang, Lei and Liu, Bing and Lim, Suk Hwan and Oâ€™Brien-Strain, Eamonn},
  booktitle={Coling 2010: posters},
  pages={1462--1470},
  year={2010}
}

@inproceedings{hu2004mining,
  title={Mining opinion features in customer reviews},
  author={Hu, Minqing and Liu, Bing},
  booktitle={AAAI},
  volume={4},
  number={4},
  pages={755--760},
  year={2004}
}

@inproceedings{hu2004mining2,
  title={Mining and summarizing customer reviews},
  author={Hu, Minqing and Liu, Bing},
  booktitle={Proceedings of the tenth ACM SIGKDD international conference on Knowledge discovery and data mining},
  pages={168--177},
  year={2004}
}

@inproceedings{scaffidi2007red,
  title={Red Opal: product-feature scoring from reviews},
  author={Scaffidi, C},
  booktitle={Proceedings of the 8th ACM Conference on Electronic Commerce},
  year={2007}
}

@book{liu2022sentiment,
  title={Sentiment Analysis and Opinion Mining},
  author={Liu, Bing},
  year={2022},
  publisher={Springer Nature},
  address={Switzerland}
}

% ----------------------------------------

@misc{ABSA_datasets,
  author = {PapersWithCode},
  title = {Aspect-based Sentiment Analysis Datasets},
  howpublished = {\url{https://paperswithcode.com/datasets?task=aspect-based-sentiment-analysis&page=1}}
}

@misc{amazon_dataset,
  author = {Stanford Network Analysis Project},
  title = {Amazon Fine Food Reviews},
  howpublished = {\url{https://www.kaggle.com/datasets/snap/amazon-fine-food-reviews}}
}

@misc{semeval2014_dataset,
  author = {Alex Cadillon},
  title = {SemEval2014 Task 4 Dataset},
  howpublished = {\url{https://huggingface.co/datasets/alexcadillon/SemEval2014Task4}}
}

@manual{llm_nltk,
  title = {NLTK Sentiment Intensity Analyzer},
  author = {NLTK Project},
  url = {https://www.nltk.org/api/nltk.sentiment.SentimentIntensityAnalyzer.html}
}

@misc{llm_roberta,
  title = {Twitter-roBERTa-base for Sentiment Analysis},
  author = {Snap},
  url = {https://huggingface.co/cardiffnlp/twitter-roberta-base-sentiment}
}